@article{almeida2012good,
  title={How good are MatLab, Octave and Scilab for computational modelling?},
  author={Almeida, Eliana S de and Medeiros, Antonio C and Frery, Alejandro C},
  journal={Computational \& Applied Mathematics},
  volume={31},
  number={3},
  pages={523--538},
  year={2012},
  publisher={SciELO Brasil}
}